@inproceedings{ritchie-etal-2024-linguameta,
    title = "{L}ingua{M}eta: Unified Metadata for Thousands of Languages",
    author = "Ritchie, Sandy  and
      van Esch, Daan  and
      Okonkwo, Uche  and
      Vashishth, Shikhar  and
      Drummond, Emily",
    editor = "Calzolari, Nicoletta  and
      Kan, Min-Yen  and
      Hoste, Veronique  and
      Lenci, Alessandro  and
      Sakti, Sakriani  and
      Xue, Nianwen",
    booktitle = "Proceedings of the 2024 Joint International Conference on Computational Linguistics, Language Resources and Evaluation (LREC-COLING 2024)",
    month = may,
    year = "2024",
    address = "Torino, Italia",
    publisher = "ELRA and ICCL",
    url = "https://aclanthology.org/2024.lrec-main.921/",
    pages = "10530--10538",
}

@inproceedings{kargaran-etal-2024-glotscript-resource,
    title = "{G}lot{S}cript: A Resource and Tool for Low Resource Writing System Identification",
    author = {Kargaran, Amir Hossein  and
      Yvon, Fran{\c{c}}ois  and
      Sch{\"u}tze, Hinrich},
    editor = "Calzolari, Nicoletta  and
      Kan, Min-Yen  and
      Hoste, Veronique  and
      Lenci, Alessandro  and
      Sakti, Sakriani  and
      Xue, Nianwen",
    booktitle = "Proceedings of the 2024 Joint International Conference on Computational Linguistics, Language Resources and Evaluation (LREC-COLING 2024)",
    month = may,
    year = "2024",
    address = "Torino, Italia",
    publisher = "ELRA and ICCL",
    url = "https://aclanthology.org/2024.lrec-main.687",
    pages = "7774--7784"
}

@inproceedings{joshi-etal-2020-state,
    title = "The State and Fate of Linguistic Diversity and Inclusion in the {NLP} World",
    author = "Joshi, Pratik  and
      Santy, Sebastin  and
      Budhiraja, Amar  and
      Bali, Kalika  and
      Choudhury, Monojit",
    editor = "Jurafsky, Dan  and
      Chai, Joyce  and
      Schluter, Natalie  and
      Tetreault, Joel",
    booktitle = "Proceedings of the 58th Annual Meeting of the Association for Computational Linguistics",
    month = jul,
    year = "2020",
    address = "Online",
    publisher = "Association for Computational Linguistics",
    url = "https://aclanthology.org/2020.acl-main.560",
    doi = "10.18653/v1/2020.acl-main.560",
    pages = "6282--6293"
}

@misc{glottolog,
    title = "Glottolog 5.0.",
    author = "Hammarström, Harald and Forkel, Robert and Haspelmath, Martin and Bank, Sebastian",
    year = 2024,
    url = "https://doi.org/10.5281/zenodo.10804357",
    publisher = "Leipzig: Max Planck Institute for Evolutionary Anthropology",
    misc = "Available online at http://glottolog.org, Accessed on 2024-04-24."
}

@inproceedings{littell-etal-2017-uriel,
    title = "{URIEL} and lang2vec: Representing languages as typological, geographical, and phylogenetic vectors",
    author = "Littell, Patrick  and
      Mortensen, David R.  and
      Lin, Ke  and
      Kairis, Katherine  and
      Turner, Carlisle  and
      Levin, Lori",
    editor = "Lapata, Mirella  and
      Blunsom, Phil  and
      Koller, Alexander",
    booktitle = "Proceedings of the 15th Conference of the {E}uropean Chapter of the Association for Computational Linguistics: Volume 2, Short Papers",
    month = apr,
    year = "2017",
    address = "Valencia, Spain",
    publisher = "Association for Computational Linguistics",
    url = "https://aclanthology.org/E17-2002",
    pages = "8--14"
}

@article{skirgardGrambankRevealsImportance2023,
  title = {Grambank reveals the importance of genealogical constraints on linguistic diversity and highlights the impact of language loss},
  author = {Skirgård, Hedvig and Haynie, Hannah J. and Blasi, Damián E. and Hammarström, Harald and Collins, Jeremy and Latarche, Jay J. and Lesage, Jakob and Weber, Tobias and Witzlack-Makarevich, Alena and Passmore, Sam and Chira, Angela and Maurits, Luke and Dinnage, Russell and Dunn, Michael and Reesink, Ger and Singer, Ruth and Bowern, Claire and Epps, Patience and Hill, Jane and Vesakoski, Outi and Robbeets, Martine and Abbas, Noor Karolin and Auer, Daniel and Bakker, Nancy A. and Barbos, Giulia and Borges, Robert D. and Danielsen, Swintha and Dorenbusch, Luise and Dorn, Ella and Elliott, John and Falcone, Giada and Fischer, Jana and Ghanggo Ate, Yustinus and Gibson, Hannah and Göbel, Hans-Philipp and Goodall, Jemima A. and Gruner, Victoria and Harvey, Andrew and Hayes, Rebekah and Heer, Leonard and Herrera Miranda, Roberto E. and Hübler, Nataliia and Huntington-Rainey, Biu and Ivani, Jessica K. and Johns, Marilen and Just, Erika and Kashima, Eri and Kipf, Carolina and Klingenberg,
    Janina V. and König, Nikita and Koti, Aikaterina and Kowalik, Richard G. A. and Krasnoukhova, Olga and Lindvall, Nora L.M. and Lorenzen, Mandy and Lutzenberger, Hannah and Martins, Tônia R.A. and Mata German, Celia and van der Meer, Suzanne and Montoya Samamé, Jaime and Müller, Michael and Muradoglu, Saliha and Neely, Kelsey and Nickel, Johanna and Norvik, Miina and Oluoch, Cheryl Akinyi and Peacock, Jesse and Pearey, India O.C. and Peck, Naomi and Petit, Stephanie and Pieper, Sören and Poblete, Mariana and Prestipino, Daniel and Raabe, Linda and Raja, Amna and Reimringer, Janis and Rey, Sydney C. and Rizaew, Julia and Ruppert, Eloisa and Salmon, Kim K. and Sammet, Jill and Schembri, Rhiannon and Schlabbach, Lars and Schmidt, Frederick W.P. and Skilton, Amalia and Smith, Wikaliler Daniel and de Sousa, Hilário and Sverredal, Kristin and Valle, Daniel and Vera, Javier and Voß, Judith and Witte, Tim and Wu, Henry and Yam, Stephanie and Ye 葉婧婷, Jingting and Yong, Maisie and Yuditha, Tessa and Zariquiey, Roberto and Forkel, Robert and Evans, Nicholas and Levinson, Stephen C. and Haspelmath, Martin and Greenhill, Simon J. and Atkinson, Quentin D. and Gray, Russell D.},
  journal = {Science Advances},
  volume = {9},
  number = {16},
  doi = {10.1126/sciadv.adg6175},
  year = {2023}
}

@misc{glottolog,
    title = "Glottolog 5.0.",
    author = "Hammarström, Harald and Forkel, Robert and Haspelmath, Martin and Bank, Sebastian",
    year = 2024,
    url = "https://doi.org/10.5281/zenodo.10804357",
    publisher = "Leipzig: Max Planck Institute for Evolutionary Anthropology",
    misc = "Available online at http://glottolog.org, Accessed on 2024-04-24."
}

@book{phoible,
  address   = {Jena},
  editor    = {Steven Moran and Daniel McCloy},
  publisher = {Max Planck Institute for the Science of Human History},
  title     = {PHOIBLE 2.0},
  url       = {https://phoible.org/},
  year      = {2019}
}

@misc{ASJP,
author = {Wichmann and Søren and Holman, Eric W. and Brown, Cecil H.},
year = {2022},
title = {The {ASJP} Database (version 20)}
}

@inproceedings{liu-etal-2023-crosslingual,
    title = "A Crosslingual Investigation of Conceptualization in 1335 Languages",
    author = {Liu, Yihong  and
      Ye, Haotian  and
      Weissweiler, Leonie  and
      Wicke, Philipp  and
      Pei, Renhao  and
      Zangenfeind, Robert  and
      Sch{\"u}tze, Hinrich},
    editor = "Rogers, Anna  and
      Boyd-Graber, Jordan  and
      Okazaki, Naoaki",
    booktitle = "Proceedings of the 61st Annual Meeting of the Association for Computational Linguistics (Volume 1: Long Papers)",
    month = jul,
    year = "2023",
    address = "Toronto, Canada",
    publisher = "Association for Computational Linguistics",
    url = "https://aclanthology.org/2023.acl-long.726/",
    doi = "10.18653/v1/2023.acl-long.726",
    pages = "12969--13000"
}

@inproceedings{brown-2014-non,
    title = "Non-linear Mapping for Improved Identification of 1300+ Languages",
    author = "Brown, Ralf",
    editor = "Moschitti, Alessandro  and
      Pang, Bo  and
      Daelemans, Walter",
    booktitle = "Proceedings of the 2014 Conference on Empirical Methods in Natural Language Processing ({EMNLP})",
    month = oct,
    year = "2014",
    address = "Doha, Qatar",
    publisher = "Association for Computational Linguistics",
    url = "https://aclanthology.org/D14-1069/",
    doi = "10.3115/v1/D14-1069",
    pages = "627--632"
}

@misc{van-der-goot-etal-2025-distals,
    title= "DistaLs: a Comprehensive Collection of Language Distance Measures",
    author = "van der Goot, Rob and Ploeger, Esther and Samardzic, Tanja"
    year = "2015"
}

