@inproceedings{Resnik1995,
  title = {Using information content to evaluate semantic similarity in a taxonomy},
  author = {Resnik, P.},
  booktitle = {Proceedings of the 14th International Joint Conference on Artificial Intelligence (IJCAI)},
  year = {1995},
  pages = {448--453}
}

@inproceedings{Lin1998,
  title = {An information-theoretic definition of similarity},
  author = {Lin, D.},
  booktitle = {Proceedings of the 15th International Conference on Machine Learning (ICML)},
  year = {1998},
  pages = {296--304}
}

@inproceedings{JiangConrath1997,
  title = {Semantic similarity based on corpus statistics and lexical taxonomy},
  author = {Jiang, J. J. and Conrath, D. W.},
  booktitle = {Proceedings of the International Conference on Research in Computational Linguistics (ROCLING)},
  year = {1997},
  pages = {19--33}
}

@article{Schlicker2006,
  title = {A new measure for functional similarity of gene products based on Gene Ontology},
  author = {Schlicker, A. and Domingues, F. S. and Rahnenfuhrer, J. and Lengauer, T.},
  journal = {BMC Bioinformatics},
  volume = {7},
  number = {1},
  year = {2006},
  pages = {302}
}

@article{Li2010,
  title = {Effectively integrating information content and structural relationship to improve the GO-based similarity measure},
  author = {Li, B. and Wang, J. Z. and Feltus, F. A. and Zhou, J. and Luo, F.},
  journal = {Journal of Biomedical Informatics},
  volume = {43},
  number = {5},
  pages = {752--760},
  year = {2010}
}

@article{Wang2007,
  title = {A new method to measure the semantic similarity of GO terms},
  author = {Wang, J. Z. and Du, Z. and Payattakool, R. and Philip, S. Y. and Chen, C. F.},
  journal = {Bioinformatics},
  volume = {23},
  number = {10},
  pages = {1274--1281},
  year = {2007},
  publisher = {Oxford University Press}
}

@article{Ehsani2016,
  author = {Ehsani, R. and Drabl√∏s, F.},
  title = {TopoICSim: a new semantic similarity measure based on gene ontology},
  journal = {BMC Bioinformatics},
  year = {2016},
  volume = {17},
  pages = {296},
  doi = {10.1186/s12859-016-1160-0}
}