@article{cox_software_1997,
	author = {Cox, Robert W. and Hyde, James S.},
	copyright = {Copyright Â© 1997 John Wiley \& Sons, Ltd.},
	doi = {10.1002/(SICI)1099-1492(199706/08)10:4/5<171::AID-NBM453>3.0.CO;2-L},
	issn = {1099-1492},
	journal = {NMR Biomed},
	language = {en},
	number = {4-5},
	pages = {171-178},
	title = {Software tools for analysis and visualization of fMRI data},
	url = {http://onlinelibrary.wiley.com/doi/10.1002/(SICI)1099-1492(199706/08)10:4/5<171::AID-NBM453>3.0.CO;2-L},
	volume = 10,
	year = 1997
}

@article{brett_nibabel_2006,
	author = {Brett, Matthew and Markiewicz, Christopher J. and Hanke, Michael and Cote, Marc-Alexandre and Cipollini, Ben and McCarthy, Paul and Cheng, Chris and Halchenko, Yaroslav O. and Ghosh, Satrajit S. and Larson, Eric and Wassermann, Demian and Gerhard, Stephan},
	doi = {10.5281/zenodo.591597},
	journal = {Zenodo},
	pages = 3458246,
	title = {{Open Source Software: NiBabel}},
	url = {https://zenodo.org/record/3458246\#.XaS82-ZKi5M},
	year = 2006
}

@article{fischl_freesurfer_2012,
	author = {Fischl, B.},
	doi = {10.1016/j.neuroimage.2012.01.021},
	issn = {1053-8119},
	journal = {NeuroImage},
	number = 2,
	pages = {774-781},
	title = {{FreeSurfer}},
	url = {http://www.sciencedirect.com/science/article/pii/S1053811912000389},
	volume = 62,
	year = 2012
}

@article{jenkinson_fsl_2012,
	author = {Jenkinson, Mark and Beckmann, Christian F. and Behrens, Timothy E.J. and Woolrich, Mark W. and Smith, Stephen M.},
	doi = {10.1016/j.neuroimage.2011.09.015},
	issn = {1053-8119},
	journal = {NeuroImage},
	number = 2,
	pages = {782-790},
	shorttitle = {FSL},
	title = {{FSL}},
	url = {http://www.sciencedirect.com/science/article/pii/S1053811911010603},
	volume = 62,
	year = 2012
}

@article{avants_symmetric_2008,
	author = {Avants, B.B. and Epstein, C.L. and Grossman, M. and Gee, J.C.},
	doi = {10.1016/j.media.2007.06.004},
	issn = {1361-8415},
	journal = {Medical Image Analysis},
	number = 1,
	pages = {26-41},
	shorttitle = {Symmetric diffeomorphic image registration with cross-correlation},
	title = {Symmetric diffeomorphic image registration with cross-correlation: Evaluating automated labeling of elderly and neurodegenerative brain},
	url = {http://www.sciencedirect.com/science/article/pii/S1361841507000606},
	volume = 12,
	year = 2008
}

@book{friston_statistical_2006,
	address = {London},
	author = {Friston, Karl J. and Ashburner, John and Kiebel, Stefan J. and Nichols, Thomas E. and Penny, William D.},
	isbn = {978-0-12-372560-8},
	publisher = {Academic Press},
	shorttitle = {Statistical parametric mapping},
	title = {Statistical parametric mapping : the analysis of functional brain images},
	year = 2006
}

@article{yushkevich_open_nodate,
	title = {Open {Source} {Software}: {Convert3D} {Medical} {Imaging} {Processing} tool},
	url = {https://sourceforge.net/p/c3d},
	journal = {Sourceforge},
	author = {Yushkevich, Paul A.},
}

@article{esteban_fmriprep_2019,
	title = {{fMRIPrep}: a robust preprocessing pipeline for functional {MRI}},
	volume = {16},
	copyright = {2018 The Author(s), under exclusive licence to Springer Nature America, Inc.},
	issn = {1548-7105},
	shorttitle = {{fMRIPrep}},
	url = {https://www.nature.com/articles/s41592-018-0235-4},
	doi = {10.1038/s41592-018-0235-4},
	language = {En},
	number = {1},
	urldate = {2018-12-10},
	journal = {Nat Meth},
	author = {Esteban, Oscar and Markiewicz, Christopher J. and Blair, Ross W. and Moodie, Craig A. and Isik, A. Ilkay and Erramuzpe, Asier and Kent, James D. and Goncalves, Mathias and DuPre, Elizabeth and Snyder, Madeleine and Oya, Hiroyuki and Ghosh, Satrajit S. and Wright, Jessey and Durnez, Joke and Poldrack, Russell A. and Gorgolewski, Krzysztof J.},
	month = jan,
	year = {2019},
	pages = {111--116},
}
