@misc{PET-MAD-2025,
      title={PET-MAD, a universal interatomic potential for advanced materials modeling}, 
      author={Arslan Mazitov and Filippo Bigi and Matthias Kellner and Paolo Pegolo and Davide Tisi and Guillaume Fraux and Sergey Pozdnyakov and Philip Loche and Michele Ceriotti},
      year={2025},
      eprint={2503.14118},
      archivePrefix={arXiv},
      primaryClass={cond-mat.mtrl-sci},
      url={https://arxiv.org/abs/2503.14118}, 
}